<?xml version="1.0" encoding="UTF-8"?><collection xmlns="http://www.loc.gov/MARC21/slim"><record><leader>00337nam--2200121-i-4500</leader><controlfield tag="001">000031584</controlfield><controlfield tag="002">20161230</controlfield><controlfield tag="005">20161230201038</controlfield><controlfield tag="008">060222s1000------------r-----000-0-eng-d</controlfield><datafield ind1=" " ind2=" " tag="100"><subfield code="a">Melichar, Miroslav</subfield></datafield><datafield ind1=" " ind2=" " tag="245"><subfield code="a">Die reaktorschleifen und die bestrahlungscharakteristiken des vvrs-reaktors</subfield></datafield><datafield ind1=" " ind2=" " tag="260"><subfield code="a">Dresden, 1960. 8p.Lito</subfield></datafield><datafield ind1=" " ind2=" " tag="852"><subfield code="a">15374</subfield></datafield></record></collection>